@ARTICLE{cutler_1994,
       author = {{Cutler}, Curt and {Flanagan}, {\'E}anna E.},
        title = "{Gravitational waves from merging compact binaries: How accurately can one extract the binary's parameters from the inspiral waveform\textbackslash?}",
      journal = {Physical Review D},
     keywords = {04.80.Nn, 04.30.Db, 97.60.Jd, 97.80.Af, Gravitational wave detectors and experiments, Wave generation and sources, Neutron stars, Astrometric and interferometric binaries, General Relativity and Quantum Cosmology, Astrophysics},
         year = 1994,
        month = mar,
       volume = {49},
       number = {6},
        pages = {2658-2697},
          doi = {10.1103/PhysRevD.49.2658},
archivePrefix = {arXiv},
       eprint = {gr-qc/9402014},
 primaryClass = {gr-qc},
       adsurl = {https://ui.adsabs.harvard.edu/abs/1994PhRvD..49.2658C},
      adsnote = {Provided by the SAO/NASA Astrophysics Data System}
}




@article{kapadia_self-consistent_2020,
	title = {A self-consistent method to estimate the rate of compact binary coalescences with a Poisson mixture model},
	volume = {37},
	issn = {0264-9381, 1361-6382},
	url = {http://arxiv.org/abs/1903.06881},
	doi = {10.1088/1361-6382/ab5f2d},
	abstract = {The recently published {GWTC}-1 - a journal article summarizing the search for gravitational waves ({GWs}) from coalescing compact binaries in data produced by the {LIGO}-Virgo network of ground-based detectors during their first and second observing runs - quoted estimates for the rates of binary neutron star, neutron star black hole binary, and binary black hole mergers, as well as assigned probabilities of astrophysical origin for various significant and marginal {GW} candidate events. In this paper, we delineate the formalism used to compute these rates and probabilities, which assumes that triggers above a low ranking statistic threshold, whether of terrestrial or astrophysical origin, occur as independent Poisson processes. In particular, we include an arbitrary number of astrophysical categories by redistributing, via mass-based template weighting, the foreground probabilities of candidate events, across source classes. We evaluate this formalism on synthetic {GW} data, and demonstrate that this method works well for the kind of {GW} signals observed during the first and second observing runs.},
	pages = {045007},
	number = {4},
	journaltitle = {Classical and Quantum Gravity},
	shortjournal = {Class. Quantum Grav.},
	author = {Kapadia, Shasvath J. and Caudill, Sarah and Creighton, Jolien D. E. and Farr, Will M. and Mendell, Gregory and Weinstein, Alan and Cannon, Kipp and Fong, Heather and Godwin, Patrick and Lo, Rico K. L. and Magee, Ryan and Meacher, Duncan and Messick, Cody and Mohite, Siddharth R. and Mukherjee, Debnandini and Sachdev, Surabhi},
	urldate = {2020-12-14},
	date = {2020-02-20},
	eprinttype = {arxiv},
	eprint = {1903.06881},
	keywords = {Astrophysics - High Energy Astrophysical Phenomena},
	file = {arXiv Fulltext PDF:/home/bsg/Zotero/storage/28MN4NJT/Kapadia et al. - 2020 - A self-consistent method to estimate the rate of c.pdf:application/pdf;arXiv.org Snapshot:/home/bsg/Zotero/storage/LUUDK72A/1903.html:text/html}
}


@article{abbott_gwtc-2_2020,
	title = {{GWTC}-2: Compact Binary Coalescences Observed by {LIGO} and Virgo During the First Half of the Third Observing Run},
	url = {http://arxiv.org/abs/2010.14527},
	shorttitle = {{GWTC}-2},
	abstract = {We report on gravitational wave discoveries from compact binary coalescences detected by Advanced {LIGO} and Advanced Virgo between 1 April 2019 15:00 {UTC} and 1 October 2019 15:00. By imposing a false-alarm-rate threshold of two per year in each of the four search pipelines that constitute our search, we present 39 candidate gravitational wave events. At this threshold, we expect a contamination fraction of less than 10\%. Of these, 26 candidate events were reported previously in near real-time through {GCN} Notices and Circulars; 13 are reported here for the first time. The catalog contains events whose sources are black hole binary mergers up to a redshift of {\textasciitilde}0.8, as well as events which could plausibly originate from binary neutron stars, neutron star-black hole binaries, or binary black holes. For the latter group, we are unable to determine the nature based on estimates of the component masses and spins from gravitational wave data alone. The range of candidate events which are unambiguously identified as binary black holes (both objects \${\textbackslash}geq 3{\textasciitilde}M\_{\textbackslash}odot\$) is increased compared to {GWTC}-1, with total masses from \${\textbackslash}sim 14{\textasciitilde}M\_{\textbackslash}odot\$ for {GW}190924\_021846 to \${\textbackslash}sim 150{\textasciitilde}M\_{\textbackslash}odot\$ for {GW}190521. For the first time, this catalog includes binary systems with asymmetric mass ratios, which had not been observed in data taken before April 2019. Given the increased sensitivity of Advanced {LIGO} and Advanced Virgo, the detection of 39 candidate events in {\textasciitilde}26 weeks of data ({\textasciitilde}1.5 per week) is consistent with {GWTC}-1.},
	journaltitle = {{arXiv}:2010.14527 [astro-ph, physics:gr-qc]},
	author = {Abbott, R. and Abbott, T. D. and Abraham, S. and Acernese, F. and Ackley, K. and Adams, A. and Adams, C. and Adhikari, R. X. and Adya, V. B. and Affeldt, C. and Agathos, M. and Agatsuma, K. and Aggarwal, N. and Aguiar, O. D. and Aiello, L. and Ain, A. and Ajith, P. and Akcay, S. and Allen, G. and Allocca, A. and Altin, P. A. and Amato, A. and Anand, S. and Ananyeva, A. and Anderson, S. B. and Anderson, W. G. and Angelova, S. V. and Ansoldi, S. and Antelis, J. M. and Antier, S. and Appert, S. and Arai, K. and Araya, M. C. and Areeda, J. S. and Arène, M. and Arnaud, N. and Aronson, S. M. and Arun, K. G. and Asali, Y. and Ascenzi, S. and Ashton, G. and Aston, S. M. and Astone, P. and Aubin, F. and Aufmuth, P. and {AultONeal}, K. and Austin, C. and Avendano, V. and Babak, S. and Badaracco, F. and Bader, M. K. M. and Bae, S. and Baer, A. M. and Bagnasco, S. and Baird, J. and Ball, M. and Ballardin, G. and Ballmer, S. W. and Bals, A. and Balsamo, A. and Baltus, G. and Banagiri, S. and Bankar, D. and Bankar, R. S. and Barayoga, J. C. and Barbieri, C. and Barish, B. C. and Barker, D. and Barneo, P. and Barnum, S. and Barone, F. and Barr, B. and Barsotti, L. and Barsuglia, M. and Barta, D. and Bartlett, J. and Bartos, I. and Bassiri, R. and Basti, A. and Bawaj, M. and Bayley, J. C. and Bazzan, M. and Becher, B. R. and Bécsy, B. and Bedakihale, V. M. and Bejger, M. and Belahcene, I. and Beniwal, D. and Benjamin, M. G. and Bennett, T. F. and Bentley, J. D. and Bergamin, F. and Berger, B. K. and Bergmann, G. and Bernuzzi, S. and Berry, C. P. L. and Bersanetti, D. and Bertolini, A. and Betzwieser, J. and Bhandare, R. and Bhandari, A. V. and Bhattacharjee, D. and Bidler, J. and Bilenko, I. A. and Billingsley, G. and Birney, R. and Birnholtz, O. and Biscans, S. and Bischi, M. and Biscoveanu, S. and Bisht, A. and Bitossi, M. and Bizouard, M.-A. and Blackburn, J. K. and Blackman, J. and Blair, C. D. and Blair, D. G. and Blair, R. M. and Blanch, O. and Bobba, F. and Bode, N. and Boer, M. and Boetzel, Y. and Bogaert, G. and Boldrini, M. and Bondu, F. and Bonnand, R. and Bonilla, E. and Booker, P. and Boom, B. A. and Bork, R. and Boschi, V. and Bose, S. and Bossilkov, V. and Boudart, V. and Bouffanais, Y. and Bozzi, A. and Bradaschia, C. and Brady, P. R. and Bramley, A. and Branchesi, M. and Brau, J. E. and Breschi, M. and Briant, T. and Briggs, J. H. and Brighenti, F. and Brillet, A. and Brinkmann, M. and Brockill, P. and Brooks, A. F. and Brooks, J. and Brown, D. D. and Brunett, S. and Bruno, G. and Bruntz, R. and Buikema, A. and Bulik, T. and Bulten, H. J. and Buonanno, A. and Buscicchio, R. and Buskulic, D. and Byer, R. L. and Cabero, M. and Cadonati, L. and Caesar, M. and Cagnoli, G. and Cahillane, C. and Bustillo, J. Calderón and Callaghan, J. D. and Callister, T. A. and Calloni, E. and Camp, J. B. and Canepa, M. and Cannon, K. C. and Cao, H. and Cao, J. and Carapella, G. and Carbognani, F. and Carney, M. F. and Carpinelli, M. and Carullo, G. and Carver, T. L. and Diaz, J. Casanueva and Casentini, C. and Caudill, S. and Cavaglià, M. and Cavalier, F. and Cavalieri, R. and Cella, G. and Cerdá-Durán, P. and Cesarini, E. and Chaibi, W. and Chakravarti, K. and Chan, C.-L. and Chan, C. and Chandra, K. and Chanial, P. and Chao, S. and Charlton, P. and Chase, E. A. and Chassande-Mottin, E. and Chatterjee, D. and Chattopadhyay, D. and Chaturvedi, M. and Chatziioannou, K. and Chen, A. and Chen, H. Y. and Chen, X. and Chen, Y. and Cheng, H.-P. and Cheong, C. K. and Chia, H. Y. and Chiadini, F. and Chierici, R. and Chincarini, A. and Chiummo, A. and Cho, G. and Cho, H. S. and Cho, M. and Choate, S. and Christensen, N. and Chu, Q. and Chua, S. and Chung, K. W. and Chung, S. and Ciani, G. and Ciecielag, P. and Cieślar, M. and Cifaldi, M. and Ciobanu, A. A. and Ciolfi, R. and Cipriano, F. and Cirone, A. and Clara, F. and Clark, E. N. and Clark, J. A. and Clarke, L. and Clearwater, P. and Clesse, S. and Cleva, F. and Coccia, E. and Cohadon, P.-F. and Cohen, D. E. and Colleoni, M. and Collette, C. G. and Collins, C. and Colpi, M. and Constancio Jr., M. and Conti, L. and Cooper, S. J. and Corban, P. and Corbitt, T. R. and Cordero-Carrión, I. and Corezzi, S. and Corley, K. R. and Cornish, N. and Corre, D. and Corsi, A. and Cortese, S. and Costa, C. A. and Cotesta, R. and Coughlin, M. W. and Coughlin, S. B. and Coulon, J.-P. and Countryman, S. T. and Cousins, B. and Couvares, P. and Covas, P. B. and Coward, D. M. and Cowart, M. J. and Coyne, D. C. and Coyne, R. and Creighton, J. D. E. and Creighton, T. D. and Croquette, M. and Crowder, S. G. and Cudell, J. R. and Cullen, T. J. and Cumming, A. and Cummings, R. and Cunningham, L. and Cuoco, E. and Curylo, M. and Canton, T. Dal and Dálya, G. and Dana, A. and {DaneshgaranBajastani}, L. M. and D'Angelo, B. and Danila, B. and Danilishin, S. L. and D'Antonio, S. and Danzmann, K. and Darsow-Fromm, C. and Dasgupta, A. and Datrier, L. E. H. and Dattilo, V. and Dave, I. and Davier, M. and Davies, G. S. and Davis, D. and Daw, E. J. and Dean, R. and {DeBra}, D. and Deenadayalan, M. and Degallaix, J. and De Laurentis, M. and Deléglise, S. and Del Favero, V. and De Lillo, F. and De Lillo, N. and Del Pozzo, W. and {DeMarchi}, L. M. and De Matteis, F. and D'Emilio, V. and Demos, N. and Denker, T. and Dent, T. and Depasse, A. and De Pietri, R. and De Rosa, R. and De Rossi, C. and {DeSalvo}, R. and de Varona, O. and Dhurandhar, S. and Díaz, M. C. and Diaz-Ortiz Jr., M. and Didio, N. A. and Dietrich, T. and Di Fiore, L. and {DiFronzo}, C. and Di Giorgio, C. and Di Giovanni, F. and Di Giovanni, M. and Di Girolamo, T. and Di Lieto, A. and Ding, B. and Di Pace, S. and Di Palma, I. and Di Renzo, F. and Divakarla, A. K. and Dmitriev, A. and Doctor, Z. and D'Onofrio, L. and Donovan, F. and Dooley, K. L. and Doravari, S. and Dorrington, I. and Downes, T. P. and Drago, M. and Driggers, J. C. and Du, Z. and Ducoin, J.-G. and Dupej, P. and Durante, O. and D'Urso, D. and Duverne, P.-A. and Dwyer, S. E. and Easter, P. J. and Eddolls, G. and Edelman, B. and Edo, T. B. and Edy, O. and Effler, A. and Eichholz, J. and Eikenberry, S. S. and Eisenmann, M. and Eisenstein, R. A. and Ejlli, A. and Errico, L. and Essick, R. C. and Estellés, H. and Estevez, D. and Etienne, Z. B. and Etzel, T. and Evans, M. and Evans, T. M. and Ewing, B. E. and Fafone, V. and Fair, H. and Fairhurst, S. and Fan, X. and Farah, A. M. and Farinon, S. and Farr, B. and Farr, W. M. and Fauchon-Jones, E. J. and Favata, M. and Fays, M. and Fazio, M. and Feicht, J. and Fejer, M. M. and Feng, F. and Fenyvesi, E. and Ferguson, D. L. and Fernandez-Galiana, A. and Ferrante, I. and Ferreira, T. A. and Fidecaro, F. and Figura, P. and Fiori, I. and Fiorucci, D. and Fishbach, M. and Fisher, R. P. and Fishner, J. M. and Fittipaldi, R. and Fitz-Axen, M. and Fiumara, V. and Flaminio, R. and Floden, E. and Flynn, E. and Fong, H. and Font, J. A. and Forsyth, P. W. F. and Fournier, J.-D. and Frasca, S. and Frasconi, F. and Frei, Z. and Freise, A. and Frey, R. and Frey, V. and Fritschel, P. and Frolov, V. V. and Fronzé, G. G. and Fulda, P. and Fyffe, M. and Gabbard, H. A. and Gadre, B. U. and Gaebel, S. M. and Gair, J. R. and Gais, J. and Galaudage, S. and Gamba, R. and Ganapathy, D. and Ganguly, A. and Gaonkar, S. G. and Garaventa, B. and García-Quirós, C. and Garufi, F. and Gateley, B. and Gaudio, S. and Gayathri, V. and Gemme, G. and Gennai, A. and George, D. and George, J. and George, R. N. and Gergely, L. and Ghonge, S. and Ghosh, Abhirup and Ghosh, Archisman and Ghosh, S. and Giacomazzo, B. and Giacoppo, L. and Giaime, J. A. and Giardina, K. D. and Gibson, D. R. and Gier, C. and Gill, K. and Giri, P. and Glanzer, J. and Gleckl, A. E. and Godwin, P. and Goetz, E. and Goetz, R. and Gohlke, N. and Goncharov, B. and González, G. and Gopakumar, A. and Gossan, S. E. and Gosselin, M. and Gouaty, R. and Grace, B. and Grado, A. and Granata, M. and Granata, V. and Grant, A. and Gras, S. and Grassia, P. and Gray, C. and Gray, R. and Greco, G. and Green, A. C. and Green, R. and Gretarsson, E. M. and Griggs, H. L. and Grignani, G. and Grimaldi, A. and Grimes, E. and Grimm, S. J. and Grote, H. and Grunewald, S. and Gruning, P. and Guerrero, J. G. and Guidi, G. M. and Guimaraes, A. R. and Guixé, G. and Gulati, H. K. and Guo, Y. and Gupta, Anchal and Gupta, Anuradha and Gupta, P. and Gustafson, E. K. and Gustafson, R. and Guzman, F. and Haegel, L. and Halim, O. and Hall, E. D. and Hamilton, E. Z. and Hammond, G. and Haney, M. and Hanke, M. M. and Hanks, J. and Hanna, C. and Hannam, M. D. and Hannuksela, O. A. and Hannuksela, O. and Hansen, H. and Hansen, T. J. and Hanson, J. and Harder, T. and Hardwick, T. and Haris, K. and Harms, J. and Harry, G. M. and Harry, I. W. and Hartwig, D. and Hasskew, R. K. and Haster, C.-J. and Haughian, K. and Hayes, F. J. and Healy, J. and Heidmann, A. and Heintze, M. C. and Heinze, J. and Heinzel, J. and Heitmann, H. and Hellman, F. and Hello, P. and Helmling-Cornell, A. F. and Hemming, G. and Hendry, M. and Heng, I. S. and Hennes, E. and Hennig, J. and Hennig, M. H. and Vivanco, F. Hernandez and Heurs, M. and Hild, S. and Hill, P. and Hines, A. S. and Hochheim, S. and Hofgard, E. and Hofman, D. and Hohmann, J. N. and Holgado, A. M. and Holland, N. A. and Hollows, I. J. and Holmes, Z. J. and Holt, K. and Holz, D. E. and Hopkins, P. and Horst, C. and Hough, J. and Howell, E. J. and Hoy, C. G. and Hoyland, D. and Huang, Y. and Hübner, M. T. and Huddart, A. D. and Huerta, E. A. and Hughey, B. and Hui, V. and Husa, S. and Huttner, S. H. and Hutzler, B. M. and Huxford, R. and Huynh-Dinh, T. and Idzkowski, B. and Iess, A. and Imperato, S. and Inchauspe, H. and Ingram, C. and Intini, G. and Isi, M. and Iyer, B. R. and {JaberianHamedan}, V. and Jacqmin, T. and Jadhav, S. J. and Jadhav, S. P. and James, A. L. and Jani, K. and Janssens, K. and Janthalur, N. N. and Jaranowski, P. and Jariwala, D. and Jaume, R. and Jenkins, A. C. and Jeunon, M. and Jiang, J. and Johns, G. R. and Johnson-{McDaniel}, N. K. and Jones, A. W. and Jones, D. I. and Jones, J. D. and Jones, P. and Jones, R. and Jonker, R. J. G. and Ju, L. and Junker, J. and Kalaghatgi, C. V. and Kalogera, V. and Kamai, B. and Kandhasamy, S. and Kang, G. and Kanner, J. B. and Kapadia, S. J. and Kapasi, D. P. and Karathanasis, C. and Karki, S. and Kashyap, R. and Kasprzack, M. and Kastaun, W. and Katsanevas, S. and Katsavounidis, E. and Katzman, W. and Kawabe, K. and Kéfélian, F. and Keitel, D. and Key, J. S. and Khadka, S. and Khalili, F. Y. and Khan, I. and Khan, S. and Khazanov, E. A. and Khetan, N. and Khursheed, M. and Kijbunchoo, N. and Kim, C. and Kim, G. J. and Kim, J. C. and Kim, K. and Kim, W. S. and Kim, Y.-M. and Kimball, C. and King, P. J. and Kinley-Hanlon, M. and Kirchhoff, R. and Kissel, J. S. and Kleybolte, L. and Klimenko, S. and Knowles, T. D. and Knyazev, E. and Koch, P. and Koehlenbeck, S. M. and Koekoek, G. and Koley, S. and Kolstein, M. and Komori, K. and Kondrashov, V. and Kontos, A. and Koper, N. and Korobko, M. and Korth, W. Z. and Kovalam, M. and Kozak, D. B. and Krämer, C. and Kringel, V. and Krishnendu, N. V. and Królak, A. and Kuehn, G. and Kumar, A. and Kumar, P. and Kumar, Rahul and Kumar, Rakesh and Kuns, K. and Kwang, S. and Lackey, B. D. and Laghi, D. and Lalande, E. and Lam, T. L. and Lamberts, A. and Landry, M. and Lane, B. B. and Lang, R. N. and Lange, J. and Lantz, B. and Lanza, R. K. and La Rosa, I. and Lartaux-Vollard, A. and Lasky, P. D. and Laxen, M. and Lazzarini, A. and Lazzaro, C. and Leaci, P. and Leavey, S. and Lecoeuche, Y. K. and Lee, H. M. and Lee, H. W. and Lee, J. and Lee, K. and Lehmann, J. and Leon, E. and Leroy, N. and Letendre, N. and Levin, Y. and Li, A. and Li, J. and Li, K. J. L. and Li, T. G. F. and Li, X. and Linde, F. and Linker, S. D. and Linley, J. N. and Littenberg, T. B. and Liu, J. and Liu, X. and Llorens-Monteagudo, M. and Lo, R. K. L. and Lockwood, A. and London, L. T. and Longo, A. and Lorenzini, M. and Loriette, V. and Lormand, M. and Losurdo, G. and Lough, J. D. and Lousto, C. O. and Lovelace, G. and Lück, H. and Lumaca, D. and Lundgren, A. P. and Ma, Y. and Macas, R. and {MacInnis}, M. and Macleod, D. M. and {MacMillan}, I. A. O. and Macquet, A. and Hernandez, I. Magaña and Magaña-Sandoval, F. and Magazzù, C. and Magee, R. M. and Majorana, E. and Maksimovic, I. and Maliakal, S. and Malik, A. and Man, N. and Mandic, V. and Mangano, V. and Mansell, G. L. and Manske, M. and Mantovani, M. and Mapelli, M. and Marchesoni, F. and Marion, F. and Márka, S. and Márka, Z. and Markakis, C. and Markosyan, A. S. and Markowitz, A. and Maros, E. and Marquina, A. and Marsat, S. and Martelli, F. and Martin, I. W. and Martin, R. M. and Martinez, M. and Martinez, V. and Martynov, D. V. and Masalehdan, H. and Mason, K. and Massera, E. and Masserot, A. and Massinger, T. J. and Masso-Reid, M. and Mastrogiovanni, S. and Matas, A. and Mateu-Lucena, M. and Matichard, F. and Matiushechkina, M. and Mavalvala, N. and Maynard, E. and {McCann}, J. J. and {McCarthy}, R. and {McClelland}, D. E. and {McCormick}, S. and {McCuller}, L. and {McGuire}, S. C. and {McIsaac}, C. and {McIver}, J. and {McManus}, D. J. and {McRae}, T. and {McWilliams}, S. T. and Meacher, D. and Meadors, G. D. and Mehmet, M. and Mehta, A. K. and Melatos, A. and Melchor, D. A. and Mendell, G. and Menendez-Vazquez, A. and Mercer, R. A. and Mereni, L. and Merfeld, K. and Merilh, E. L. and Merritt, J. D. and Merzougui, M. and Meshkov, S. and Messenger, C. and Messick, C. and Metzdorff, R. and Meyers, P. M. and Meylahn, F. and Mhaske, A. and Miani, A. and Miao, H. and Michaloliakos, I. and Michel, C. and Middleton, H. and Milano, L. and Miller, A. L. and Millhouse, M. and Mills, J. C. and Milotti, E. and Milovich-Goff, M. C. and Minazzoli, O. and Minenkov, Y. and Mir, Ll M. and Mishkin, A. and Mishra, C. and Mistry, T. and Mitra, S. and Mitrofanov, V. P. and Mitselmakher, G. and Mittleman, R. and Mo, G. and Mogushi, K. and Mohapatra, S. R. P. and Mohite, S. R. and Molina, I. and Molina-Ruiz, M. and Mondin, M. and Montani, M. and Moore, C. J. and Moraru, D. and Morawski, F. and Moreno, G. and Morisaki, S. and Mours, B. and Mow-Lowry, C. M. and Mozzon, S. and Muciaccia, F. and Mukherjee, Arunava and Mukherjee, D. and Mukherjee, Soma and Mukherjee, Subroto and Mukund, N. and Mullavey, A. and Munch, J. and Muñiz, E. A. and Murray, P. G. and Nadji, S. L. and Nagar, A. and Nardecchia, I. and Naticchioni, L. and Nayak, R. K. and Neil, B. F. and Neilson, J. and Nelemans, G. and Nelson, T. J. N. and Nery, M. and Neunzert, A. and Nitz, A. H. and Ng, K. Y. and Ng, S. and Nguyen, C. and Nguyen, P. and Nguyen, T. and Nichols, S. A. and Nissanke, S. and Nocera, F. and Noh, M. and North, C. and Nothard, D. and Nuttall, L. K. and Oberling, J. and O'Brien, B. D. and O'Dell, J. and Oganesyan, G. and Ogin, G. H. and Oh, J. J. and Oh, S. H. and Ohme, F. and Ohta, H. and Okada, M. A. and Olivetto, C. and Oppermann, P. and Oram, R. J. and O'Reilly, B. and Ormiston, R. G. and Ortega, L. F. and O'Shaughnessy, R. and Ossokine, S. and Osthelder, C. and Ottaway, D. J. and Overmier, H. and Owen, B. J. and Pace, A. E. and Pagano, G. and Page, M. A. and Pagliaroli, G. and Pai, A. and Pai, S. A. and Palamos, J. R. and Palashov, O. and Palomba, C. and Pan, H. and Panda, P. K. and Pang, T. H. and Pankow, C. and Pannarale, F. and Pant, B. C. and Paoletti, F. and Paoli, A. and Paolone, A. and Parker, W. and Pascucci, D. and Pasqualetti, A. and Passaquieti, R. and Passuello, D. and Patel, M. and Patricelli, B. and Payne, E. and Pechsiri, T. C. and Pedraza, M. and Pegoraro, M. and Pele, A. and Penn, S. and Perego, A. and Perez, C. J. and Périgois, C. and Perreca, A. and Perriès, S. and Petermann, J. and Petterson, D. and Pfeiffer, H. P. and Pham, K. A. and Phukon, K. S. and Piccinni, O. J. and Pichot, M. and Piendibene, M. and Piergiovanni, F. and Pierini, L. and Pierro, V. and Pillant, G. and Pilo, F. and Pinard, L. and Pinto, I. M. and Piotrzkowski, K. and Pirello, M. and Pitkin, M. and Placidi, E. and Plastino, W. and Pluchar, C. and Poggiani, R. and Polini, E. and Pong, D. Y. T. and Ponrathnam, S. and Popolizio, P. and Porter, E. K. and Poverman, A. and Powell, J. and Pracchia, M. and Prajapati, A. K. and Prasai, K. and Prasanna, R. and Pratten, G. and Prestegard, T. and Principe, M. and Prodi, G. A. and Prokhorov, L. and Prosposito, P. and Prudenzi, L. and Puecher, A. and Punturo, M. and Puosi, F. and Puppo, P. and Pürrer, M. and Qi, H. and Quetschke, V. and Quinonez, P. J. and Quitzow-James, R. and Raab, F. J. and Raaijmakers, G. and Radkins, H. and Radulesco, N. and Raffai, P. and Rafferty, H. and Rail, S. X. and Raja, S. and Rajan, C. and Rajbhandari, B. and Rakhmanov, M. and Ramirez, K. E. and Ramirez, T. D. and Ramos-Buades, A. and Rana, J. and Rao, K. and Rapagnani, P. and Rapol, U. D. and Ratto, B. and Raymond, V. and Razzano, M. and Read, J. and Regimbau, T. and Rei, L. and Reid, S. and Reitze, D. H. and Rettegno, P. and Ricci, F. and Richardson, C. J. and Richardson, J. W. and Richardson, L. and Ricker, P. M. and Riemenschneider, G. and Riles, K. and Rizzo, M. and Robertson, N. A. and Robinet, F. and Rocchi, A. and Rocha, J. A. and Rodriguez, S. and Rodriguez-Soto, R. D. and Rolland, L. and Rollins, J. G. and Roma, V. J. and Romanelli, M. and Romano, R. and Romel, C. L. and Romero, A. and Romero-Shaw, I. M. and Romie, J. H. and Ronchini, S. and Rose, C. A. and Rose, D. and Rose, K. and Rosell, M. J. B. and Rosińska, D. and Rosofsky, S. G. and Ross, M. P. and Rowan, S. and Rowlinson, S. J. and Roy, Santosh and Roy, Soumen and Ruggi, P. and Ryan, K. and Sachdev, S. and Sadecki, T. and Sadiq, J. and Sakellariadou, M. and Salafia, O. S. and Salconi, L. and Saleem, M. and Samajdar, A. and Sanchez, E. J. and Sanchez, J. H. and Sanchez, L. E. and Sanchis-Gual, N. and Sanders, J. R. and Sandles, L. and Santiago, K. A. and Santos, E. and Saravanan, T. R. and Sarin, N. and Sassolas, B. and Sathyaprakash, B. S. and Sauter, O. and Savage, R. L. and Savant, V. and Sawant, D. and Sayah, S. and Schaetzl, D. and Schale, P. and Scheel, M. and Scheuer, J. and Schindler-Tyka, A. and Schmidt, P. and Schnabel, R. and Schofield, R. M. S. and Schönbeck, A. and Schreiber, E. and Schulte, B. W. and Schutz, B. F. and Schwarm, O. and Schwartz, E. and Scott, J. and Scott, S. M. and Seglar-Arroyo, M. and Seidel, E. and Sellers, D. and Sengupta, A. S. and Sennett, N. and Sentenac, D. and Sequino, V. and Sergeev, A. and Setyawati, Y. and Shaffer, T. and Shahriar, M. S. and Sharifi, S. and Sharma, A. and Sharma, P. and Shawhan, P. and Shen, H. and Shikauchi, M. and Shink, R. and Shoemaker, D. H. and Shoemaker, D. M. and Shukla, K. and {ShyamSundar}, S. and Sieniawska, M. and Sigg, D. and Singer, L. P. and Singh, D. and Singh, N. and Singha, A. and Singhal, A. and Sintes, A. M. and Sipala, V. and Skliris, V. and Slagmolen, B. J. J. and Slaven-Blair, T. J. and Smetana, J. and Smith, J. R. and Smith, R. J. E. and Somala, S. N. and Son, E. J. and Soni, K. and Soni, S. and Sorazu, B. and Sordini, V. and Sorrentino, F. and Sorrentino, N. and Soulard, R. and Souradeep, T. and Sowell, E. and Spencer, A. P. and Spera, M. and Srivastava, A. K. and Srivastava, V. and Staats, K. and Stachie, C. and Steer, D. A. and Steinhoff, J. and Steinke, M. and Steinlechner, J. and Steinlechner, S. and Steinmeyer, D. and Stevenson, S. P. and Stolle-{McAllister}, G. and Stops, D. J. and Stover, M. and Strain, K. A. and Stratta, G. and Strunk, A. and Sturani, R. and Stuver, A. L. and Südbeck, J. and Sudhagar, S. and Sudhir, V. and Suh, H. G. and Summerscales, T. Z. and Sun, H. and Sun, L. and Sunil, S. and Sur, A. and Suresh, J. and Sutton, P. J. and Swinkels, B. L. and Szczepańczyk, M. J. and Tacca, M. and Tait, S. C. and Talbot, C. and Tanasijczuk, A. J. and Tanner, D. B. and Tao, D. and Tapia, A. and Martin, E. N. Tapia San and Tasson, J. D. and Taylor, R. and Tenorio, R. and Terkowski, L. and Thirugnanasambandam, M. P. and Thomas, L. M. and Thomas, M. and Thomas, P. and Thompson, J. E. and Thondapu, S. R. and Thorne, K. A. and Thrane, E. and Tiwari, Shubhanshu and Tiwari, Srishti and Tiwari, V. and Toland, K. and Tolley, A. E. and Tonelli, M. and Tornasi, Z. and Torres-Forné, A. and Torrie, C. I. and Melo, I. Tosta e and Töyrä, D. and Tran, A. T. and Trapananti, A. and Travasso, F. and Traylor, G. and Tringali, M. C. and Tripathee, A. and Trovato, A. and Trudeau, R. J. and Tsai, D. S. and Tsang, K. W. and Tse, M. and Tso, R. and Tsukada, L. and Tsuna, D. and Tsutsui, T. and Turconi, M. and Ubhi, A. S. and Udall, R. P. and Ueno, K. and Ugolini, D. and Unnikrishnan, C. S. and Urban, A. L. and Usman, S. A. and Utina, A. C. and Vahlbruch, H. and Vajente, G. and Vajpeyi, A. and Valdes, G. and Valentini, M. and Valsan, V. and van Bakel, N. and van Beuzekom, M. and Brand, J. F. J. van den and Broeck, C. Van Den and Vander-Hyde, D. C. and van der Schaaf, L. and van Heijningen, J. V. and Vardaro, M. and Vargas, A. F. and Varma, V. and Vass, S. and Vasúth, M. and Vecchio, A. and Vedovato, G. and Veitch, J. and Veitch, P. J. and Venkateswara, K. and Venneberg, J. and Venugopalan, G. and Verkindt, D. and Verma, Y. and Veske, D. and Vetrano, F. and Viceré, A. and Viets, A. D. and Vijaykumar, A. and Villa-Ortega, V. and Vinet, J.-Y. and Vitale, S. and Vo, T. and Vocca, H. and Vorvick, C. and Vyatchanin, S. P. and Wade, A. R. and Wade, L. E. and Wade, M. and Walet, R. C. and Walker, M. and Wallace, G. S. and Wallace, L. and Walsh, S. and Wang, J. Z. and Wang, S. and Wang, W. H. and Wang, Y. F. and Ward, R. L. and Warner, J. and Was, M. and Washington, N. Y. and Watchi, J. and Weaver, B. and Wei, L. and Weinert, M. and Weinstein, A. J. and Weiss, R. and Wellmann, F. and Wen, L. and Weßels, P. and Westhouse, J. W. and Wette, K. and Whelan, J. T. and White, D. D. and White, L. V. and Whiting, B. F. and Whittle, C. and Wilken, D. M. and Williams, D. and Williams, M. J. and Williamson, A. R. and Willis, J. L. and Willke, B. and Wilson, D. J. and Wimmer, M. H. and Winkler, W. and Wipf, C. C. and Woan, G. and Woehler, J. and Wofford, J. K. and Wong, I. C. F. and Wrangel, J. and Wright, J. L. and Wu, D. S. and Wysocki, D. M. and Xiao, L. and Yamamoto, H. and Yang, L. and Yang, Y. and Yang, Z. and Yap, M. J. and Yeeles, D. W. and Yoon, A. and Yu, Hang and Yu, Haocun and Yuen, S. H. R. and Zadrożny, A. and Zanolin, M. and Zelenova, T. and Zendri, J.-P. and Zevin, M. and Zhang, J. and Zhang, L. and Zhang, R. and Zhang, T. and Zhao, C. and Zhao, G. and Zheng, Y. and Zhou, M. and Zhou, Z. and Zhu, X. J. and Zimmerman, A. B. and Zlochower, Y. and Zucker, M. E. and Zweizig, J.},
	urldate = {2020-12-14},
	date = {2020-10-27},
	eprinttype = {arxiv},
	eprint = {2010.14527},
	keywords = {Astrophysics - High Energy Astrophysical Phenomena, General Relativity and Quantum Cosmology}
}


@article{foucart_2020,
	title = {A brief overview of black hole-neutron star mergers},
	url = {http://arxiv.org/abs/2006.10570},
	doi = {10.3389/fspas.2020.00046},
	abstract = {Of the three main types of binaries detectable through ground-based gravitational wave observations, black hole-neutron star ({BHNS}) mergers remain the most elusive. While candidates {BHNS} exist in the triggers released during the third observing run of the Advanced {LIGO}/Virgo collaboration, no detection has been confirmed so far. As for binary neutron star systems, {BHNS} binaries allow us to explore a wide range of physical processes, including the neutron star equation of state, nucleosynthesis, stellar evolution, high-energy astrophysics, and the expansion of the Universe. Here, we review some of the main features of {BHNS} systems: the distinction between disrupting and non-disrupting binaries, the types of outflows that {BHNS} mergers can produce, and the information that can be extracted from the observation of their gravitational wave and electromagnetic signals. We also emphasize that for the most likely binary parameters, {BHNS} mergers seem less likely to power electromagnetic signals than binary neutron star systems. Finally, we discuss some of the issues that still limit our ability to model and interpret electromagnetic signals from {BHNS} binaries.},
	journaltitle = {{arXiv}:2006.10570 [astro-ph, physics:gr-qc]},
	author = {Foucart, Francois},
	urldate = {2020-12-14},
	date = {2020-06-18},
	eprinttype = {arxiv},
	eprint = {2006.10570},
	keywords = {Astrophysics - High Energy Astrophysical Phenomena, General Relativity and Quantum Cosmology},
	file = {arXiv Fulltext PDF:/home/bsg/Zotero/storage/5RZUYI43/Foucart - 2020 - A brief overview of black hole-neutron star merger.pdf:application/pdf;arXiv.org Snapshot:/home/bsg/Zotero/storage/S84GE788/2006.html:text/html}
}

@ARTICLE{bardeen_1972,
       author = {{Bardeen}, James M. and {Press}, William H. and {Teukolsky}, Saul A.},
        title = "{Rotating Black Holes: Locally Nonrotating Frames, Energy Extraction, and Scalar Synchrotron Radiation}",
      journal = {Astrophysical Journal},
         year = 1972,
        month = dec,
       volume = {178},
        pages = {347-370},
          doi = {10.1086/151796},
       adsurl = {https://ui.adsabs.harvard.edu/abs/1972ApJ...178..347B},
      adsnote = {Provided by the SAO/NASA Astrophysics Data System}
}



@article{hayes_comparing_2020,
	title = {Comparing Short Gamma-Ray Burst Jet Structure Models},
	volume = {891},
	issn = {1538-4357},
	url = {http://arxiv.org/abs/1911.04190},
	doi = {10.3847/1538-4357/ab72fc},
	abstract = {A structured gamma-ray burst jet could explain the dimness of the prompt emission observed from {GRB}\${\textbackslash},170817\$A but the exact form of this structure is still ambiguous. However, with the promise of future joint gravitational wave and gamma-ray burst observations, we shall be able to examine populations of binary neutron star mergers rather than a case-by-case basis. We present an analysis that considers gravitational wave triggered binary neutron star events both with and without short gamma-ray burst counterparts assuming that events without a counterpart were observed off-axis. This allows for Bayes factors to be calculated to compare different jet structure models. We perform model comparison between a Gaussian and power-law apparent jet structure on simulated data to demonstrate that the correct model can be distinguished with a log Bayes factor of \${\textgreater}5\$ after less than 100 events. Constraints on the apparent structure jet model parameters are also made. After 25(100) events the angular width of the core of a power-law jet structure can be constrained within a \$90{\textbackslash}\%\$ credible interval of width \$ {\textbackslash}sim9.1(4.4){\textasciicircum}\{{\textbackslash}circ\} \$, and the outer beaming angle to be within \${\textbackslash}sim19.9(8.5){\textasciicircum}\{{\textbackslash}circ\}\$. Similarly we show the width of a Gaussian jet structure to be constrained to \${\textbackslash}sim2.8(1.6){\textasciicircum}\{{\textbackslash}circ\}\$.},
	pages = {124},
	number = {2},
	journaltitle = {The Astrophysical Journal},
	shortjournal = {{ApJ}},
	author = {Hayes, Fergus and Heng, Ik Siong and Veitch, John and Williams, Daniel},
	urldate = {2020-11-06},
	date = {2020-03-12},
	eprinttype = {arxiv},
	eprint = {1911.04190},
	keywords = {Astrophysics - High Energy Astrophysical Phenomena},
	file = {arXiv Fulltext PDF:/home/bsg/Zotero/storage/W3D5BN2A/Hayes et al. - 2020 - Comparing Short Gamma-Ray Burst Jet Structure Mode.pdf:application/pdf;arXiv.org Snapshot:/home/bsg/Zotero/storage/8DA97XNI/1911.html:text/html}
}


@article{abbott_gw170817_2017,
	title = {{GW}170817: Observation of Gravitational Waves from a Binary Neutron Star Inspiral},
	volume = {119},
	issn = {0031-9007, 1079-7114},
	url = {https://link.aps.org/doi/10.1103/PhysRevLett.119.161101},
	doi = {10.1103/PhysRevLett.119.161101},
	shorttitle = {{GW}170817},
	pages = {161101},
	number = {16},
	journaltitle = {Physical Review Letters},
	shortjournal = {Phys. Rev. Lett.},
	author = {Abbott, B. P. and Abbott, R. and Abbott, T. D. and Acernese, F. and Ackley, K. and Adams, C. and Adams, T. and Addesso, P. and Adhikari, R. X. and Adya, V. B. and Affeldt, C. and Afrough, M. and Agarwal, B. and Agathos, M. and Agatsuma, K. and Aggarwal, N. and Aguiar, O. D. and Aiello, L. and Ain, A. and Ajith, P. and Allen, B. and Allen, G. and Allocca, A. and Altin, P. A. and Amato, A. and Ananyeva, A. and Anderson, S. B. and Anderson, W. G. and Angelova, S. V. and Antier, S. and Appert, S. and Arai, K. and Araya, M. C. and Areeda, J. S. and Arnaud, N. and Arun, K. G. and Ascenzi, S. and Ashton, G. and Ast, M. and Aston, S. M. and Astone, P. and Atallah, D. V. and Aufmuth, P. and Aulbert, C. and AultONeal, K. and Austin, C. and Avila-Alvarez, A. and Babak, S. and Bacon, P. and Bader, M. K. M. and Bae, S. and Bailes, M. and Baker, P. T. and Baldaccini, F. and Ballardin, G. and Ballmer, S. W. and Banagiri, S. and Barayoga, J. C. and Barclay, S. E. and Barish, B. C. and Barker, D. and Barkett, K. and Barone, F. and Barr, B. and Barsotti, L. and Barsuglia, M. and Barta, D. and Barthelmy, S. D. and Bartlett, J. and Bartos, I. and Bassiri, R. and Basti, A. and Batch, J. C. and Bawaj, M. and Bayley, J. C. and Bazzan, M. and Bécsy, B. and Beer, C. and Bejger, M. and Belahcene, I. and Bell, A. S. and Berger, B. K. and Bergmann, G. and Bernuzzi, S. and Bero, J. J. and Berry, C. P. L. and Bersanetti, D. and Bertolini, A. and Betzwieser, J. and Bhagwat, S. and Bhandare, R. and Bilenko, I. A. and Billingsley, G. and Billman, C. R. and Birch, J. and Birney, R. and Birnholtz, O. and Biscans, S. and Biscoveanu, S. and Bisht, A. and Bitossi, M. and Biwer, C. and Bizouard, M. A. and Blackburn, J. K. and Blackman, J. and Blair, C. D. and Blair, D. G. and Blair, R. M. and Bloemen, S. and Bock, O. and Bode, N. and Boer, M. and Bogaert, G. and Bohe, A. and Bondu, F. and Bonilla, E. and Bonnand, R. and Boom, B. A. and Bork, R. and Boschi, V. and Bose, S. and Bossie, K. and Bouffanais, Y. and Bozzi, A. and Bradaschia, C. and Brady, P. R. and Branchesi, M. and Brau, J. E. and Briant, T. and Brillet, A. and Brinkmann, M. and Brisson, V. and Brockill, P. and Broida, J. E. and Brooks, A. F. and Brown, D. A. and Brown, D. D. and Brunett, S. and Buchanan, C. C. and Buikema, A. and Bulik, T. and Bulten, H. J. and Buonanno, A. and Buskulic, D. and Buy, C. and Byer, R. L. and Cabero, M. and Cadonati, L. and Cagnoli, G. and Cahillane, C. and Calderón Bustillo, J. and Callister, T. A. and Calloni, E. and Camp, J. B. and Canepa, M. and Canizares, P. and Cannon, K. C. and Cao, H. and Cao, J. and Capano, C. D. and Capocasa, E. and Carbognani, F. and Caride, S. and Carney, M. F. and Carullo, G. and Casanueva Diaz, J. and Casentini, C. and Caudill, S. and Cavaglià, M. and Cavalier, F. and Cavalieri, R. and Cella, G. and Cepeda, C. B. and Cerdá-Durán, P. and Cerretani, G. and Cesarini, E. and Chamberlin, S. J. and Chan, M. and Chao, S. and Charlton, P. and Chase, E. and Chassande-Mottin, E. and Chatterjee, D. and Chatziioannou, K. and Cheeseboro, B. D. and Chen, H. Y. and Chen, X. and Chen, Y. and Cheng, H.-P. and Chia, H. and Chincarini, A. and Chiummo, A. and Chmiel, T. and Cho, H. S. and Cho, M. and Chow, J. H. and Christensen, N. and Chu, Q. and Chua, A. J. K. and Chua, S. and Chung, A. K. W. and Chung, S. and Ciani, G. and Ciolfi, R. and Cirelli, C. E. and Cirone, A. and Clara, F. and Clark, J. A. and Clearwater, P. and Cleva, F. and Cocchieri, C. and Coccia, E. and Cohadon, P.-F. and Cohen, D. and Colla, A. and Collette, C. G. and Cominsky, L. R. and Constancio, M. and Conti, L. and Cooper, S. J. and Corban, P. and Corbitt, T. R. and Cordero-Carrión, I. and Corley, K. R. and Cornish, N. and Corsi, A. and Cortese, S. and Costa, C. A. and Coughlin, M. W. and Coughlin, S. B. and Coulon, J.-P. and Countryman, S. T. and Couvares, P. and Covas, P. B. and Cowan, E. E. and Coward, D. M. and Cowart, M. J. and Coyne, D. C. and Coyne, R. and Creighton, J. D. E. and Creighton, T. D. and Cripe, J. and Crowder, S. G. and Cullen, T. J. and Cumming, A. and Cunningham, L. and Cuoco, E. and Dal Canton, T. and Dálya, G. and Danilishin, S. L. and D’Antonio, S. and Danzmann, K. and Dasgupta, A. and Da Silva Costa, C. F. and Dattilo, V. and Dave, I. and Davier, M. and Davis, D. and Daw, E. J. and Day, B. and De, S. and DeBra, D. and Degallaix, J. and De Laurentis, M. and Deléglise, S. and Del Pozzo, W. and Demos, N. and Denker, T. and Dent, T. and De Pietri, R. and Dergachev, V. and De Rosa, R. and DeRosa, R. T. and De Rossi, C. and DeSalvo, R. and de Varona, O. and Devenson, J. and Dhurandhar, S. and Díaz, M. C. and Dietrich, T. and Di Fiore, L. and Di Giovanni, M. and Di Girolamo, T. and Di Lieto, A. and Di Pace, S. and Di Palma, I. and Di Renzo, F. and Doctor, Z. and Dolique, V. and Donovan, F. and Dooley, K. L. and Doravari, S. and Dorrington, I. and Douglas, R. and Dovale Álvarez, M. and Downes, T. P. and Drago, M. and Dreissigacker, C. and Driggers, J. C. and Du, Z. and Ducrot, M. and Dudi, R. and Dupej, P. and Dwyer, S. E. and Edo, T. B. and Edwards, M. C. and Effler, A. and Eggenstein, H.-B. and Ehrens, P. and Eichholz, J. and Eikenberry, S. S. and Eisenstein, R. A. and Essick, R. C. and Estevez, D. and Etienne, Z. B. and Etzel, T. and Evans, M. and Evans, T. M. and Factourovich, M. and Fafone, V. and Fair, H. and Fairhurst, S. and Fan, X. and Farinon, S. and Farr, B. and Farr, W. M. and Fauchon-Jones, E. J. and Favata, M. and Fays, M. and Fee, C. and Fehrmann, H. and Feicht, J. and Fejer, M. M. and Fernandez-Galiana, A. and Ferrante, I. and Ferreira, E. C. and Ferrini, F. and Fidecaro, F. and Finstad, D. and Fiori, I. and Fiorucci, D. and Fishbach, M. and Fisher, R. P. and Fitz-Axen, M. and Flaminio, R. and Fletcher, M. and Fong, H. and Font, J. A. and Forsyth, P. W. F. and Forsyth, S. S. and Fournier, J.-D. and Frasca, S. and Frasconi, F. and Frei, Z. and Freise, A. and Frey, R. and Frey, V. and Fries, E. M. and Fritschel, P. and Frolov, V. V. and Fulda, P. and Fyffe, M. and Gabbard, H. and Gadre, B. U. and Gaebel, S. M. and Gair, J. R. and Gammaitoni, L. and Ganija, M. R. and Gaonkar, S. G. and Garcia-Quiros, C. and Garufi, F. and Gateley, B. and Gaudio, S. and Gaur, G. and Gayathri, V. and Gehrels, N. and Gemme, G. and Genin, E. and Gennai, A. and George, D. and George, J. and Gergely, L. and Germain, V. and Ghonge, S. and Ghosh, Abhirup and Ghosh, Archisman and Ghosh, S. and Giaime, J. A. and Giardina, K. D. and Giazotto, A. and Gill, K. and Glover, L. and Goetz, E. and Goetz, R. and Gomes, S. and Goncharov, B. and González, G. and Gonzalez Castro, J. M. and Gopakumar, A. and Gorodetsky, M. L. and Gossan, S. E. and Gosselin, M. and Gouaty, R. and Grado, A. and Graef, C. and Granata, M. and Grant, A. and Gras, S. and Gray, C. and Greco, G. and Green, A. C. and Gretarsson, E. M. and Groot, P. and Grote, H. and Grunewald, S. and Gruning, P. and Guidi, G. M. and Guo, X. and Gupta, A. and Gupta, M. K. and Gushwa, K. E. and Gustafson, E. K. and Gustafson, R. and Halim, O. and Hall, B. R. and Hall, E. D. and Hamilton, E. Z. and Hammond, G. and Haney, M. and Hanke, M. M. and Hanks, J. and Hanna, C. and Hannam, M. D. and Hannuksela, O. A. and Hanson, J. and Hardwick, T. and Harms, J. and Harry, G. M. and Harry, I. W. and Hart, M. J. and Haster, C.-J. and Haughian, K. and Healy, J. and Heidmann, A. and Heintze, M. C. and Heitmann, H. and Hello, P. and Hemming, G. and Hendry, M. and Heng, I. S. and Hennig, J. and Heptonstall, A. W. and Heurs, M. and Hild, S. and Hinderer, T. and Ho, W. C. G. and Hoak, D. and Hofman, D. and Holt, K. and Holz, D. E. and Hopkins, P. and Horst, C. and Hough, J. and Houston, E. A. and Howell, E. J. and Hreibi, A. and Hu, Y. M. and Huerta, E. A. and Huet, D. and Hughey, B. and Husa, S. and Huttner, S. H. and Huynh-Dinh, T. and Indik, N. and Inta, R. and Intini, G. and Isa, H. N. and Isac, J.-M. and Isi, M. and Iyer, B. R. and Izumi, K. and Jacqmin, T. and Jani, K. and Jaranowski, P. and Jawahar, S. and Jiménez-Forteza, F. and Johnson, W. W. and Johnson-McDaniel, N. K. and Jones, D. I. and Jones, R. and Jonker, R. J. G. and Ju, L. and Junker, J. and Kalaghatgi, C. V. and Kalogera, V. and Kamai, B. and Kandhasamy, S. and Kang, G. and Kanner, J. B. and Kapadia, S. J. and Karki, S. and Karvinen, K. S. and Kasprzack, M. and Kastaun, W. and Katolik, M. and Katsavounidis, E. and Katzman, W. and Kaufer, S. and Kawabe, K. and Kéfélian, F. and Keitel, D. and Kemball, A. J. and Kennedy, R. and Kent, C. and Key, J. S. and Khalili, F. Y. and Khan, I. and Khan, S. and Khan, Z. and Khazanov, E. A. and Kijbunchoo, N. and Kim, Chunglee and Kim, J. C. and Kim, K. and Kim, W. and Kim, W. S. and Kim, Y.-M. and Kimbrell, S. J. and King, E. J. and King, P. J. and Kinley-Hanlon, M. and Kirchhoff, R. and Kissel, J. S. and Kleybolte, L. and Klimenko, S. and Knowles, T. D. and Koch, P. and Koehlenbeck, S. M. and Koley, S. and Kondrashov, V. and Kontos, A. and Korobko, M. and Korth, W. Z. and Kowalska, I. and Kozak, D. B. and Krämer, C. and Kringel, V. and Krishnan, B. and Królak, A. and Kuehn, G. and Kumar, P. and Kumar, R. and Kumar, S. and Kuo, L. and Kutynia, A. and Kwang, S. and Lackey, B. D. and Lai, K. H. and Landry, M. and Lang, R. N. and Lange, J. and Lantz, B. and Lanza, R. K. and Larson, S. L. and Lartaux-Vollard, A. and Lasky, P. D. and Laxen, M. and Lazzarini, A. and Lazzaro, C. and Leaci, P. and Leavey, S. and Lee, C. H. and Lee, H. K. and Lee, H. M. and Lee, H. W. and Lee, K. and Lehmann, J. and Lenon, A. and Leon, E. and Leonardi, M. and Leroy, N. and Letendre, N. and Levin, Y. and Li, T. G. F. and Linker, S. D. and Littenberg, T. B. and Liu, J. and Liu, X. and Lo, R. K. L. and Lockerbie, N. A. and London, L. T. and Lord, J. E. and Lorenzini, M. and Loriette, V. and Lormand, M. and Losurdo, G. and Lough, J. D. and Lousto, C. O. and Lovelace, G. and Lück, H. and Lumaca, D. and Lundgren, A. P. and Lynch, R. and Ma, Y. and Macas, R. and Macfoy, S. and Machenschalk, B. and MacInnis, M. and Macleod, D. M. and Magaña Hernandez, I. and Magaña-Sandoval, F. and Magaña Zertuche, L. and Magee, R. M. and Majorana, E. and Maksimovic, I. and Man, N. and Mandic, V. and Mangano, V. and Mansell, G. L. and Manske, M. and Mantovani, M. and Marchesoni, F. and Marion, F. and Márka, S. and Márka, Z. and Markakis, C. and Markosyan, A. S. and Markowitz, A. and Maros, E. and Marquina, A. and Marsh, P. and Martelli, F. and Martellini, L. and Martin, I. W. and Martin, R. M. and Martynov, D. V. and Marx, J. N. and Mason, K. and Massera, E. and Masserot, A. and Massinger, T. J. and Masso-Reid, M. and Mastrogiovanni, S. and Matas, A. and Matichard, F. and Matone, L. and Mavalvala, N. and Mazumder, N. and McCarthy, R. and McClelland, D. E. and McCormick, S. and McCuller, L. and McGuire, S. C. and McIntyre, G. and McIver, J. and McManus, D. J. and McNeill, L. and McRae, T. and McWilliams, S. T. and Meacher, D. and Meadors, G. D. and Mehmet, M. and Meidam, J. and Mejuto-Villa, E. and Melatos, A. and Mendell, G. and Mercer, R. A. and Merilh, E. L. and Merzougui, M. and Meshkov, S. and Messenger, C. and Messick, C. and Metzdorff, R. and Meyers, P. M. and Miao, H. and Michel, C. and Middleton, H. and Mikhailov, E. E. and Milano, L. and Miller, A. L. and Miller, B. B. and Miller, J. and Millhouse, M. and Milovich-Goff, M. C. and Minazzoli, O. and Minenkov, Y. and Ming, J. and Mishra, C. and Mitra, S. and Mitrofanov, V. P. and Mitselmakher, G. and Mittleman, R. and Moffa, D. and Moggi, A. and Mogushi, K. and Mohan, M. and Mohapatra, S. R. P. and Molina, I. and Montani, M. and Moore, C. J. and Moraru, D. and Moreno, G. and Morisaki, S. and Morriss, S. R. and Mours, B. and Mow-Lowry, C. M. and Mueller, G. and Muir, A. W. and Mukherjee, Arunava and Mukherjee, D. and Mukherjee, S. and Mukund, N. and Mullavey, A. and Munch, J. and Muñiz, E. A. and Muratore, M. and Murray, P. G. and Nagar, A. and Napier, K. and Nardecchia, I. and Naticchioni, L. and Nayak, R. K. and Neilson, J. and Nelemans, G. and Nelson, T. J. N. and Nery, M. and Neunzert, A. and Nevin, L. and Newport, J. M. and Newton, G. and Ng, K. K. Y. and Nguyen, P. and Nguyen, T. T. and Nichols, D. and Nielsen, A. B. and Nissanke, S. and Nitz, A. and Noack, A. and Nocera, F. and Nolting, D. and North, C. and Nuttall, L. K. and Oberling, J. and O’Dea, G. D. and Ogin, G. H. and Oh, J. J. and Oh, S. H. and Ohme, F. and Okada, M. A. and Oliver, M. and Oppermann, P. and Oram, Richard J. and O’Reilly, B. and Ormiston, R. and Ortega, L. F. and O’Shaughnessy, R. and Ossokine, S. and Ottaway, D. J. and Overmier, H. and Owen, B. J. and Pace, A. E. and Page, J. and Page, M. A. and Pai, A. and Pai, S. A. and Palamos, J. R. and Palashov, O. and Palomba, C. and Pal-Singh, A. and Pan, Howard and Pan, Huang-Wei and Pang, B. and Pang, P. T. H. and Pankow, C. and Pannarale, F. and Pant, B. C. and Paoletti, F. and Paoli, A. and Papa, M. A. and Parida, A. and Parker, W. and Pascucci, D. and Pasqualetti, A. and Passaquieti, R. and Passuello, D. and Patil, M. and Patricelli, B. and Pearlstone, B. L. and Pedraza, M. and Pedurand, R. and Pekowsky, L. and Pele, A. and Penn, S. and Perez, C. J. and Perreca, A. and Perri, L. M. and Pfeiffer, H. P. and Phelps, M. and Piccinni, O. J. and Pichot, M. and Piergiovanni, F. and Pierro, V. and Pillant, G. and Pinard, L. and Pinto, I. M. and Pirello, M. and Pitkin, M. and Poe, M. and Poggiani, R. and Popolizio, P. and Porter, E. K. and Post, A. and Powell, J. and Prasad, J. and Pratt, J. W. W. and Pratten, G. and Predoi, V. and Prestegard, T. and Prijatelj, M. and Principe, M. and Privitera, S. and Prix, R. and Prodi, G. A. and Prokhorov, L. G. and Puncken, O. and Punturo, M. and Puppo, P. and Pürrer, M. and Qi, H. and Quetschke, V. and Quintero, E. A. and Quitzow-James, R. and Raab, F. J. and Rabeling, D. S. and Radkins, H. and Raffai, P. and Raja, S. and Rajan, C. and Rajbhandari, B. and Rakhmanov, M. and Ramirez, K. E. and Ramos-Buades, A. and Rapagnani, P. and Raymond, V. and Razzano, M. and Read, J. and Regimbau, T. and Rei, L. and Reid, S. and Reitze, D. H. and Ren, W. and Reyes, S. D. and Ricci, F. and Ricker, P. M. and Rieger, S. and Riles, K. and Rizzo, M. and Robertson, N. A. and Robie, R. and Robinet, F. and Rocchi, A. and Rolland, L. and Rollins, J. G. and Roma, V. J. and Romano, J. D. and Romano, R. and Romel, C. L. and Romie, J. H. and Rosińska, D. and Ross, M. P. and Rowan, S. and Rüdiger, A. and Ruggi, P. and Rutins, G. and Ryan, K. and Sachdev, S. and Sadecki, T. and Sadeghian, L. and Sakellariadou, M. and Salconi, L. and Saleem, M. and Salemi, F. and Samajdar, A. and Sammut, L. and Sampson, L. M. and Sanchez, E. J. and Sanchez, L. E. and Sanchis-Gual, N. and Sandberg, V. and Sanders, J. R. and Sassolas, B. and Sathyaprakash, B. S. and Saulson, P. R. and Sauter, O. and Savage, R. L. and Sawadsky, A. and Schale, P. and Scheel, M. and Scheuer, J. and Schmidt, J. and Schmidt, P. and Schnabel, R. and Schofield, R. M. S. and Schönbeck, A. and Schreiber, E. and Schuette, D. and Schulte, B. W. and Schutz, B. F. and Schwalbe, S. G. and Scott, J. and Scott, S. M. and Seidel, E. and Sellers, D. and Sengupta, A. S. and Sentenac, D. and Sequino, V. and Sergeev, A. and Shaddock, D. A. and Shaffer, T. J. and Shah, A. A. and Shahriar, M. S. and Shaner, M. B. and Shao, L. and Shapiro, B. and Shawhan, P. and Sheperd, A. and Shoemaker, D. H. and Shoemaker, D. M. and Siellez, K. and Siemens, X. and Sieniawska, M. and Sigg, D. and Silva, A. D. and Singer, L. P. and Singh, A. and Singhal, A. and Sintes, A. M. and Slagmolen, B. J. J. and Smith, B. and Smith, J. R. and Smith, R. J. E. and Somala, S. and Son, E. J. and Sonnenberg, J. A. and Sorazu, B. and Sorrentino, F. and Souradeep, T. and Spencer, A. P. and Srivastava, A. K. and Staats, K. and Staley, A. and Steinke, M. and Steinlechner, J. and Steinlechner, S. and Steinmeyer, D. and Stevenson, S. P. and Stone, R. and Stops, D. J. and Strain, K. A. and Stratta, G. and Strigin, S. E. and Strunk, A. and Sturani, R. and Stuver, A. L. and Summerscales, T. Z. and Sun, L. and Sunil, S. and Suresh, J. and Sutton, P. J. and Swinkels, B. L. and Szczepańczyk, M. J. and Tacca, M. and Tait, S. C. and Talbot, C. and Talukder, D. and Tanner, D. B. and Tápai, M. and Taracchini, A. and Tasson, J. D. and Taylor, J. A. and Taylor, R. and Tewari, S. V. and Theeg, T. and Thies, F. and Thomas, E. G. and Thomas, M. and Thomas, P. and Thorne, K. A. and Thorne, K. S. and Thrane, E. and Tiwari, S. and Tiwari, V. and Tokmakov, K. V. and Toland, K. and Tonelli, M. and Tornasi, Z. and Torres-Forné, A. and Torrie, C. I. and Töyrä, D. and Travasso, F. and Traylor, G. and Trinastic, J. and Tringali, M. C. and Trozzo, L. and Tsang, K. W. and Tse, M. and Tso, R. and Tsukada, L. and Tsuna, D. and Tuyenbayev, D. and Ueno, K. and Ugolini, D. and Unnikrishnan, C. S. and Urban, A. L. and Usman, S. A. and Vahlbruch, H. and Vajente, G. and Valdes, G. and Vallisneri, M. and van Bakel, N. and van Beuzekom, M. and van den Brand, J. F. J. and Van Den Broeck, C. and Vander-Hyde, D. C. and van der Schaaf, L. and van Heijningen, J. V. and van Veggel, A. A. and Vardaro, M. and Varma, V. and Vass, S. and Vasúth, M. and Vecchio, A. and Vedovato, G. and Veitch, J. and Veitch, P. J. and Venkateswara, K. and Venugopalan, G. and Verkindt, D. and Vetrano, F. and Viceré, A. and Viets, A. D. and Vinciguerra, S. and Vine, D. J. and Vinet, J.-Y. and Vitale, S. and Vo, T. and Vocca, H. and Vorvick, C. and Vyatchanin, S. P. and Wade, A. R. and Wade, L. E. and Wade, M. and Walet, R. and Walker, M. and Wallace, L. and Walsh, S. and Wang, G. and Wang, H. and Wang, J. Z. and Wang, W. H. and Wang, Y. F. and Ward, R. L. and Warner, J. and Was, M. and Watchi, J. and Weaver, B. and Wei, L.-W. and Weinert, M. and Weinstein, A. J. and Weiss, R. and Wen, L. and Wessel, E. K. and Weßels, P. and Westerweck, J. and Westphal, T. and Wette, K. and Whelan, J. T. and Whitcomb, S. E. and Whiting, B. F. and Whittle, C. and Wilken, D. and Williams, D. and Williams, R. D. and Williamson, A. R. and Willis, J. L. and Willke, B. and Wimmer, M. H. and Winkler, W. and Wipf, C. C. and Wittel, H. and Woan, G. and Woehler, J. and Wofford, J. and Wong, K. W. K. and Worden, J. and Wright, J. L. and Wu, D. S. and Wysocki, D. M. and Xiao, S. and Yamamoto, H. and Yancey, C. C. and Yang, L. and Yap, M. J. and Yazback, M. and Yu, Hang and Yu, Haocun and Yvert, M. and Zadrożny, A. and Zanolin, M. and Zelenova, T. and Zendri, J.-P. and Zevin, M. and Zhang, L. and Zhang, M. and Zhang, T. and Zhang, Y.-H. and Zhao, C. and Zhou, M. and Zhou, Z. and Zhu, S. J. and Zhu, X. J. and Zimmerman, A. B. and Zucker, M. E. and Zweizig, J. and {LIGO Scientific Collaboration and Virgo Collaboration}},
	urldate = {2020-11-06},
	date = {2017-10-16},
	langid = {english},
	file = {Full Text:/home/bsg/Zotero/storage/SSMCZJBJ/Abbott et al. - 2017 - GW170817 Observation of Gravitational Waves from .pdf:application/pdf}
}

@article{ruiz_2020,
	title = {Black hole-neutron star coalescence: effects of the neutron star spin on jet launching and dynamical ejecta mass},
	url = {http://arxiv.org/abs/2011.08863},
	shorttitle = {Black hole-neutron star coalescence},
	abstract = {Black hole-neutron star ({BHNS}) mergers are thought to be sources of gravitational waves ({GWs}) with coincident electromagnetic ({EM}) counterparts. To further probe whether these systems are viable progenitors of short gamma-ray bursts ({sGRBs}) and kilonovae, and how one may use (the lack of) {EM} counterparts associated with {LIGO}/Virgo candidate {BHNS} {GW} events to sharpen parameter estimation, we study the impact of neutron star spin in {BHNS} mergers. Using dynamical spacetime magnetohydrodynamic simulations of {BHNSs} initially on a quasicircular orbit, we survey configurations that differ in the {BH} spin (\$a\_\{{\textbackslash}rm {BH}\}/M\_\{{\textbackslash}rm {BH}\}=0\$ and \$0.75\$), the {NS} spin (\$a\_\{{\textbackslash}rm {NS}\}/M\_\{{\textbackslash}rm {NS}\}=-0.17,{\textbackslash},0,{\textbackslash},0.23\$ and \$0.33\$), and the binary mass ratio (\$q{\textbackslash}equiv M\_\{{\textbackslash}rm {BH}\}:M\_\{{\textbackslash}rm {NS}\}=3:1\$ and \$5:1\$). The general trend we find is that increasing the {NS} prograde spin increases both the rest mass of the accretion disk onto the remnant black hole, and the rest mass of dynamically ejected matter. By a time{\textasciitilde}\${\textbackslash}Delta t{\textbackslash}sim 3500-5500M{\textbackslash}sim 88-138(M\_\{{\textbackslash}rm {NS}\}/1.4M\_{\textbackslash}odot){\textbackslash},{\textbackslash}rm ms\$ after the peak gravitational wave amplitude, a magnetically--driven jet is launched only for \$q=3:1\$ regardless of the initial {NS} spin. The lifetime of the jets [\${\textbackslash}Delta t{\textbackslash}sim 0.5-0.8(M\_\{{\textbackslash}rm {NS}\}/1.4 M\_{\textbackslash}odot){\textbackslash},{\textbackslash}rm s\$] and their outgoing Poynting luminosity [\$L\_\{{\textbackslash}rm Poyn\}{\textbackslash}sim 10{\textasciicircum}\{51.5{\textbackslash}pm 0.5\}{\textbackslash},{\textbackslash}rm erg/s\$] are consistent with typical {sGRBs} luminosities and expectations from the Blandford-Znajek mechanism. By the time we terminate our simulations, we do not observe either an outflow or a large-scale magnetic field collimation for the other systems we considered. The mass range of dynamically ejected matter is \$10{\textasciicircum}\{-4.5\}-10{\textasciicircum}\{-2\}{\textasciitilde}(M\_\{{\textbackslash}rm {NS}\}/1.4M\_{\textbackslash}odot)M\_{\textbackslash}odot\$, which can power kilonovae with peak bolometric luminosities \$L\_\{{\textbackslash}rm knova\}{\textbackslash}sim 10{\textasciicircum}\{40\}-10{\textasciicircum}\{41.4\}\$ erg/s with rise times \${\textbackslash}lesssim 6.5{\textbackslash},{\textbackslash}rm h\$ and potentially detectable by the {LSST}.},
	journaltitle = {{arXiv}:2011.08863 [astro-ph, physics:gr-qc]},
	author = {Ruiz, Milton and Paschalidis, Vasileios and Tsokaros, Antonios and Shapiro, Stuart L.},
	urldate = {2020-12-12},
	date = {2020-11-17},
	eprinttype = {arxiv},
	eprint = {2011.08863},
	keywords = {Astrophysics - High Energy Astrophysical Phenomena, General Relativity and Quantum Cosmology}
}

@article{shibata_merger_2019,
	title = {Merger and Mass Ejection of Neutron-Star Binaries},
	volume = {69},
	issn = {0163-8998, 1545-4134},
	url = {http://arxiv.org/abs/1908.02350},
	doi = {10.1146/annurev-nucl-101918-023625},
	abstract = {Mergers of binary neutron stars and black hole-neutron star binaries are one of the most promising sources for the ground-based gravitational-wave ({GW}) detectors and also a high-energy astrophysical phenomenon as illustrated by the observations of gravitational waves and electromagnetic ({EM}) waves in the event of {GW}170817. Mergers of these neutron-star binaries are also the most promising site for r-process nucleosynthesis. Numerical simulation in full general relativity (numerical relativity) is a unique approach to the theoretical prediction of the merger process, {GWs} emitted, mass ejection process, and resulting {EM} emission. We summarize our current understanding for the processes of neutron star mergers and subsequent mass ejection based on the results of the latest numerical-relativity simulations. We emphasize that the predictions of the numerical-relativity simulations agrees broadly with the optical and infrared observations of {GW}170817.},
	pages = {41--64},
	number = {1},
	journaltitle = {Annual Review of Nuclear and Particle Science},
	shortjournal = {Annu. Rev. Nucl. Part. Sci.},
	author = {Shibata, Masaru and Hotokezaka, Kenta},
	urldate = {2020-10-28},
	date = {2019-10-19},
	eprinttype = {arxiv},
	eprint = {1908.02350},
	keywords = {Astrophysics - High Energy Astrophysical Phenomena, General Relativity and Quantum Cosmology},
	file = {arXiv Fulltext PDF:/home/bsg/Zotero/storage/E9MXGBJI/Shibata and Hotokezaka - 2019 - Merger and Mass Ejection of Neutron-Star Binaries.pdf:application/pdf;arXiv.org Snapshot:/home/bsg/Zotero/storage/WT2A6YNM/1908.html:text/html}
}

@online{minaev_gcn_2019,
	title = {{GCN} \#24170},
	url = {https://gcn.gsfc.nasa.gov/gcn3/24170.gcn3},
	abstract = {{LIGO}/Virgo S190425z: {INTEGRAL} {SPI}-{ACS} prompt observation},
	titleaddon = {{GCN} {CIrcular}},
	author = {Minaev, P. and Pozanenko, A. and Grebenev, S. and Chelovekov, I.},
	date = {1925-04-19}
}

@article{saleem_energetics_2020,
	title = {On the energetics of a possible relativistic jet associated with the binary neutron star merger candidate S190425z},
	volume = {891},
	issn = {1538-4357},
	url = {http://arxiv.org/abs/1905.00337},
	doi = {10.3847/1538-4357/ab6731},
	abstract = {Advanced {LIGO} and Virgo detectors reported the first binary neutron star merger candidate in the third observing run, S190425z, on 25th April 2019. A weak \${\textbackslash}gamma\$-ray excess was reported nearly coincidentally by the {INTEGRAL} satellite which accidentally covered the entire localization region of {AdvLIGO}/{VIRGO}. Electromagnetic follow-up in longer wavelengths has not lead to the detection of any associated counterparts. Here we combine the available information from gravitational-wave measurements and upper limits of fluence from {\textbackslash}textit\{{INTEGRAL}\} to show that the observations are completely consistent with a relativistic Gaussian structured jet and a typical short duration Gamma-Ray Burst ({GRB}) being produced in the merger. We obtain posterior bounds on the on-axis isotropic equivalent energy of the associated {GRB} under different prior distributions. This study demonstrates that even limited {GW} and {EM} information could be combined to produce valuable insights about outflows from mergers. Future follow-ups may help constrain the jet structure further, especially if there is an orphan afterglow detection associated with the candidate.},
	pages = {130},
	number = {2},
	journaltitle = {The Astrophysical Journal},
	shortjournal = {{ApJ}},
	author = {Saleem, M. and Resmi, L. and Arun, K. G. and Mohan, S.},
	urldate = {2020-10-28},
	date = {2020-03-12},
	eprinttype = {arxiv},
	eprint = {1905.00337},
	keywords = {Astrophysics - High Energy Astrophysical Phenomena},
	file = {arXiv Fulltext PDF:/home/bsg/Zotero/storage/HBJS5RLG/Saleem et al. - 2020 - On the energetics of a possible relativistic jet a.pdf:application/pdf;arXiv.org Snapshot:/home/bsg/Zotero/storage/RV89L9X5/1905.html:text/html}
}

@article{salafia_structure_2015,
	title = {Structure of gamma-ray burst jets: intrinsic versus apparent properties},
	volume = {450},
	issn = {1365-2966, 0035-8711},
	url = {http://academic.oup.com/mnras/article/450/4/3549/989952/Structure-of-gammaray-burst-jets-intrinsic-versus},
	doi = {10.1093/mnras/stv766},
	shorttitle = {Structure of gamma-ray burst jets},
	pages = {3549--3558},
	number = {4},
	journaltitle = {Monthly Notices of the Royal Astronomical Society},
	author = {Salafia, O. S. and Ghisellini, G. and Pescalli, A. and Ghirlanda, G. and Nappo, F.},
	urldate = {2020-10-28},
	date = {2015-07-11},
	langid = {english},
	file = {Full Text:/home/bsg/Zotero/storage/VZE3D74X/Salafia et al. - 2015 - Structure of gamma-ray burst jets intrinsic versu.pdf:application/pdf}
}

@article{kastha_imprints_2020,
	title = {Imprints of the redshift evolution of double neutron star merger rate on the signal to noise ratio distribution},
	volume = {496},
	issn = {0035-8711, 1365-2966},
	url = {http://arxiv.org/abs/1801.05942},
	doi = {10.1093/mnras/staa1077},
	abstract = {Proposed third generation gravitational wave ({GW}) interferometers such as Cosmic Explorer will have the sensitivity to observe double neutron star ({DNS}) mergers up to a redshift of \${\textbackslash}sim 5\$ with good signal to noise ratios. We argue that the comoving spatial distribution of {DNS} mergers leaves a unique imprint on the statistical distribution of signal to noise ratios ({SNRs}) of the detected {DNS} mergers. Hence the {SNR} distribution of {DNS} mergers will facilitate a novel probe of their redshift evolution independent of the luminosity distance measurements. We consider detections of {DNS} mergers by the third generation detector Cosmic Explorer and study the {SNR} distribution for different possible redshift evolution models of {DNSs} and employ Anderson Darling p-value statistic to demonstrate the distinguishability between these different models. We find that a few hundreds of {DNS} mergers in the Cosmic Explorer era will allow us to distinguish between different models of redshift evolution.},
	pages = {523--531},
	number = {1},
	journaltitle = {Monthly Notices of the Royal Astronomical Society},
	author = {Kastha, Shilpa and Saleem, M. and Arun, K. G.},
	urldate = {2020-10-28},
	date = {2020-07-21},
	eprinttype = {arxiv},
	eprint = {1801.05942},
	keywords = {Astrophysics - High Energy Astrophysical Phenomena, General Relativity and Quantum Cosmology},
	file = {arXiv Fulltext PDF:/home/bsg/Zotero/storage/SKACPHNY/Kastha et al. - 2020 - Imprints of the redshift evolution of double neutr.pdf:application/pdf;arXiv.org Snapshot:/home/bsg/Zotero/storage/D7EV5K4J/1801.html:text/html}
}

@article{mohan_detectability_2019,
	title = {Detectability of Electromagnetic counterparts from Neutron Star mergers: prompt emission vs afterglow},
	url = {http://arxiv.org/abs/1912.09436},
	shorttitle = {Detectability of Electromagnetic counterparts from Neutron Star mergers},
	abstract = {Electromagnetic observations of the first binary Neutron Star ({BNS}) merger {GW}170817 has established that relativistic jets can be successfully launched in {BNS} mergers. Typically, such jets produce emission in two phases: \${\textbackslash}gamma\$-ray prompt emission and multi-wavelength afterglow. Due to relativistic de-boosting, the detectability of both these counterparts is dependent on the angle (\${\textbackslash}theta\_v\$) between the observer's line of sight and the jet axis. We compare the detectability of prompt and afterglow emission from off-axis jets, assuming standard detector thresholds. We find that for top-hat jets, afterglow is a more potential counterpart than the prompt emission even with unfavorable afterglow parameters. For structured jets with a Gaussian profile, prompt emission is more promising than the afterglows at extreme viewing angles, under the assumption that the energy emitted in the prompt phase equals the kinetic energy of the outflow. Assuming a Gaussian jet profile, we forecast the population of \${\textbackslash}gamma\$-ray detections and find that extreme viewing angle events like {GRB}170817A will be rare. In our simulated sample, the observed isotropic equivalent energy in \${\textbackslash}gamma\$-rays is moderately correlated with the viewing angle, such that a low \$E\_\{{\textbackslash}rm iso, {\textbackslash}gamma\}\$ is almost always associated with a high off-axis viewing angle.},
	journaltitle = {{arXiv}:1912.09436 [astro-ph]},
	author = {Mohan, S. and Saleem, M. and Resmi, L.},
	urldate = {2020-10-28},
	date = {2019-12-19},
	eprinttype = {arxiv},
	eprint = {1912.09436},
	keywords = {Astrophysics - High Energy Astrophysical Phenomena},
	file = {arXiv Fulltext PDF:/home/bsg/Zotero/storage/6YJPM2TF/Mohan et al. - 2019 - Detectability of Electromagnetic counterparts from.pdf:application/pdf;arXiv.org Snapshot:/home/bsg/Zotero/storage/3EBR9USB/1912.html:text/html}
}

@article{saleem_prospects_2020,
	title = {Prospects of joint detections of neutron star mergers and short-{GRBs} with Gaussian structured jets},
	volume = {493},
	issn = {0035-8711, 1365-2966},
	url = {http://arxiv.org/abs/1905.00314},
	doi = {10.1093/mnras/staa303},
	abstract = {{GW}170817 was the first ever joint detection of gravitational waves ({GW}) from a binary neutron star ({BNS}) merger with the detections of short \${\textbackslash}gamma\$-ray burst ({SGRB}) counterparts. Analysis of the multi-band afterglow observations of over more than a year revealed that the outflow from the merger end-product was consistent with structured relativistic jet models with the core of the jet narrowly collimated to half opening angles \${\textbackslash}sim5\$ deg. In this work, assuming all the {BNS} mergers produce Gaussian structured jets with properties as inferred for {GW}170817, we explore the prospects of joint detections of {BNS} mergers and prompt \${\textbackslash}gamma-\$ray emission, expected during the current and upcoming upgrades of {LIGO}-Virgo-{KAGRA} detectors. We discuss three specific observational aspects: 1) the distribution of detected binary inclination angles 2) the distance reach and 3) the detection rates. Unlike {GW}-only detections, the joint detections are greatly restricted at large inclination angles, due to the structure of the jets. We find that at lower inclination angles (say below 20 deg), the distance reach as well as the detection rates of the joint detections are limited by {GW} detectability while at larger inclinations (say above 20 deg), they are limited by the \${\textbackslash}gamma\$-ray detectability.},
	pages = {1633--1639},
	number = {2},
	journaltitle = {Monthly Notices of the Royal Astronomical Society},
	author = {Saleem, M.},
	urldate = {2020-10-28},
	date = {2020-04-01},
	eprinttype = {arxiv},
	eprint = {1905.00314},
	keywords = {Astrophysics - High Energy Astrophysical Phenomena},
	file = {arXiv Fulltext PDF:/home/bsg/Zotero/storage/XI7DDQFJ/Saleem - 2020 - Prospects of joint detections of neutron star merg.pdf:application/pdf;arXiv.org Snapshot:/home/bsg/Zotero/storage/NDSTJF7E/1905.html:text/html}
}

@article{granot_off-axis_2002,
	title = {Off-Axis Afterglow Emission from Jetted Gamma-Ray Bursts},
	volume = {570},
	issn = {0004637X, 15384357},
	url = {https://iopscience.iop.org/article/10.1086/340991},
	doi = {10.1086/340991},
	pages = {L61--L64},
	number = {2},
	journaltitle = {The Astrophysical Journal},
	author = {Granot, Jonathan and Panaitescu, Alin and Kumar, Pawan and Woosley, Stan E.},
	urldate = {2020-10-28},
	date = {2002-05-10},
	file = {Full Text:/home/bsg/Zotero/storage/ETM4679M/Granot et al. - 2002 - Off-Axis Afterglow Emission from Jetted Gamma-Ray .pdf:application/pdf}
}

@article{ghirlanda_short_2016,
	title = {Short gamma-ray bursts at the dawn of the gravitational wave era},
	volume = {594},
	issn = {0004-6361, 1432-0746},
	url = {http://www.aanda.org/10.1051/0004-6361/201628993},
	doi = {10.1051/0004-6361/201628993},
	pages = {A84},
	journaltitle = {Astronomy \& Astrophysics},
	shortjournal = {A\&A},
	author = {Ghirlanda, G. and Salafia, O. S. and Pescalli, A. and Ghisellini, G. and Salvaterra, R. and Chassande–Mottin, E. and Colpi, M. and Nappo, F. and D’Avanzo, P. and Melandri, A. and Bernardini, M. G. and Branchesi, M. and Campana, S. and Ciolfi, R. and Covino, S. and Götz, D. and Vergani, S. D. and Zennaro, M. and Tagliaferri, G.},
	urldate = {2020-10-28},
	date = {2016-10},
	file = {Full Text:/home/bsg/Zotero/storage/SRCN2KM4/Ghirlanda et al. - 2016 - Short gamma-ray bursts at the dawn of the gravitat.pdf:application/pdf}
}

@article{lazzati_short_2020,
	title = {Short duration gamma-ray bursts and their outflows in light of {GW}170817},
	url = {http://arxiv.org/abs/2009.01773},
	abstract = {The detection of {GW}170817, it's extensive multi-wavelength follow-up campaign, and the large amount of theoretical development and interpretation that followed, have resulted in a significant step forward in the understanding of the binary neutron star merger phenomenon as a whole. One of its aspects is seeing the merger as a progenitor of short gamma-ray bursts ({SGRB}), which will be the subject of this review. On the one hand, {GW}170817 observations have confirmed some theoretical expectations, exemplified by the confirmation that binary neutron star mergers are the progenitors of {SGRBs}. In addition, the multimessenger nature of {GW}170817 has allowed for gathering of unprecedented data, such as the trigger time of the merger, the delay with which the gamma-ray photons were detected, and the brightening afterglow of an off-axis event. All together, the incomparable richness of the data from {GW}170817 has allowed us to paint a fairly detailed picture of at least one {SGRB}. I will detail what we learned, what new questions have arisen, and the perspectives for answering them when a sample of {GW}170817-comparable events have been studied.},
	journaltitle = {{arXiv}:2009.01773 [astro-ph]},
	author = {Lazzati, Davide},
	urldate = {2020-10-28},
	date = {2020-09-03},
	eprinttype = {arxiv},
	eprint = {2009.01773},
	keywords = {Astrophysics - High Energy Astrophysical Phenomena},
	file = {arXiv Fulltext PDF:/home/bsg/Zotero/storage/HKGQGPGY/Lazzati - 2020 - Short duration gamma-ray bursts and their outflows.pdf:application/pdf;arXiv.org Snapshot:/home/bsg/Zotero/storage/YURRMZMH/2009.html:text/html}
}

@article{chen_loudest_2014,
	title = {The Loudest Gravitational Wave Events},
	url = {http://arxiv.org/abs/1409.0522},
	abstract = {As first emphasized by Bernard Schutz, there exists a universal distribution of signal-to-noise ratios for gravitational wave detection. Because gravitational waves ({GWs}) are almost impossible to obscure via dust absorption or other astrophysical processes, the strength of the detected signal is dictated solely by the emission strength and the distance to the source. Assuming that the space density of an arbitrary population of {GW} sources does not evolve, we show explicitly that the distribution of detected signal-to-noise ({SNR}) values depends solely on the detection threshold; it is independent of the detector network (interferometer or pulsar timing array), the individual detector noise curves (initial or Advanced {LIGO}), the nature of the {GW} sources (compact binary coalescence, supernova, or some other discrete source), and the distributions of source variables (only non-spinning neutron stars of mass exactly \$1.4{\textbackslash},M\_{\textbackslash}odot\$ or a complicated distribution of masses and spins). We derive the {SNR} distribution for each individual detector within a network as a function of the relative detector orientations and sensitivities. While most detections will have {SNR} near the detection threshold, there will be a tail of events to higher {SNR}. We derive the {SNR} distribution of the loudest (highest {SNR}) events in any given sample of detections. We find that the median {SNR} of the loudest out of the first four events should have an \${\textbackslash}mbox\{{SNR}\}=22\$ (for a threshold of 12, appropriate for the Advanced {LIGO}/Virgo network), increasing to a median value for the loudest {SNR} of 47 for 40 detections. We expect these loudest events to provide particularly powerful constraints on their source parameters, and they will play an important role in extracting astrophysics from gravitational wave sources. These distributions also offer an important internal calibration of the response of the {GW} detector networks.},
	journaltitle = {{arXiv}:1409.0522 [astro-ph, physics:gr-qc]},
	author = {Chen, Hsin-Yu and Holz, Daniel E.},
	urldate = {2020-10-28},
	date = {2014-09-04},
	eprinttype = {arxiv},
	eprint = {1409.0522},
	keywords = {Astrophysics - High Energy Astrophysical Phenomena, General Relativity and Quantum Cosmology, Astrophysics - Cosmology and Nongalactic Astrophysics},
	file = {arXiv Fulltext PDF:/home/bsg/Zotero/storage/BG3ZISVX/Chen and Holz - 2014 - The Loudest Gravitational Wave Events.pdf:application/pdf;arXiv.org Snapshot:/home/bsg/Zotero/storage/PC7LK8KS/1409.html:text/html}
}

@article{biscoveanu_constraining_2020,
	title = {Constraining short gamma-ray burst jet properties with gravitational waves and gamma rays},
	volume = {893},
	issn = {1538-4357},
	url = {http://arxiv.org/abs/1911.01379},
	doi = {10.3847/1538-4357/ab7eaf},
	abstract = {Gamma-ray burst ({GRB}) prompt emission is highly beamed, and understanding the jet geometry and beaming configuration can provide information on the poorly understood central engine and circum-burst environment. Prior to the advent of gravitational-wave astronomy, astronomers relied on observations of jet breaks in the multi-wavelength afterglow to determine the {GRB} opening angle, since the observer's viewing angle relative to the system cannot be determined from the electromagnetic data alone. Gravitational-wave observations, however, provide an independent measurement of the viewing angle. We describe a Bayesian method for determining the geometry of short {GRBs} using coincident electromagnetic and gravitational-wave observations. We demonstrate how an ensemble of multi-messenger detections can be used to measure the distributions of the jet energy, opening angle, Lorentz factor, and angular profile of short {GRBs}; we find that for a population of 100 such observations, we can constrain the mean of the opening angle distribution to within 10 degrees regardless of the angular emission profile. Conversely, the constraint on the energy distribution depends on the shape of the profile, which can be distinguished.},
	pages = {38},
	number = {1},
	journaltitle = {The Astrophysical Journal},
	shortjournal = {{ApJ}},
	author = {Biscoveanu, Sylvia and Thrane, Eric and Vitale, Salvatore},
	urldate = {2020-10-28},
	date = {2020-04-14},
	eprinttype = {arxiv},
	eprint = {1911.01379},
	keywords = {Astrophysics - High Energy Astrophysical Phenomena, General Relativity and Quantum Cosmology, Astrophysics - Cosmology and Nongalactic Astrophysics},
	file = {arXiv Fulltext PDF:/home/bsg/Zotero/storage/TG3XZ4B9/Biscoveanu et al. - 2020 - Constraining short gamma-ray burst jet properties .pdf:application/pdf;arXiv.org Snapshot:/home/bsg/Zotero/storage/4VT6BFDP/1911.html:text/html}
}

@ARTICLE{kouveliotou1993,
       author = {{Kouveliotou}, Chryssa and {Meegan}, Charles A. and {Fishman}, Gerald J. and {Bhat}, Narayana P. and {Briggs}, Michael S. and {Koshut}, Thomas M. and {Paciesas}, William S. and {Pendleton}, Geoffrey N.},
        title = "{Identification of Two Classes of Gamma-Ray Bursts}",
      journal = {The Astrophysical Journal Letters},
     keywords = {Astronomical Catalogs, Gamma Ray Bursts, Gamma Ray Observatory, Frequency Distribution, Spatial Distribution, Transient Response, Space Radiation, GAMMA RAYS: BURSTS},
         year = 1993,
        month = aug,
       volume = {413},
        pages = {L101},
          doi = {10.1086/186969},
       adsurl = {https://ui.adsabs.harvard.edu/abs/1993ApJ...413L.101K},
      adsnote = {Provided by the SAO/NASA Astrophysics Data System}
}

@ARTICLE{eichler1989,
       author = {{Eichler}, David and {Livio}, Mario and {Piran}, Tsvi and {Schramm}, David N.},
        title = "{Nucleosynthesis, neutrino bursts and {\ensuremath{\gamma}}-rays from coalescing neutron stars}",
      journal = {Nature},
     keywords = {Gamma Ray Bursts, Neutrinos, Neutron Stars, Nuclear Fusion, Binary Stars, Gravitational Effects, Gravity Waves, Hubble Constant, Pulsars, Astrophysics},
         year = 1989,
        month = jul,
       volume = {340},
       number = {6229},
        pages = {126-128},
          doi = {10.1038/340126a0},
       adsurl = {https://ui.adsabs.harvard.edu/abs/1989Natur.340..126E},
      adsnote = {Provided by the SAO/NASA Astrophysics Data System}
}



@article{narayan_gamma-ray_1992,
	title = {Gamma-ray bursts as the death throes of massive binary stars},
	volume = {395},
	issn = {0004-637X, 1538-4357},
	url = {http://adsabs.harvard.edu/doi/10.1086/186493},
	doi = {10.1086/186493},
	pages = {L83},
	journaltitle = {The Astrophysical Journal},
	shortjournal = {{ApJ}},
	author = {Narayan, Ramesh and Paczynski, Bohdan and Piran, Tsvi},
	urldate = {2020-11-06},
	date = {1992-08},
	langid = {english},
	file = {Submitted Version:/home/bsg/Zotero/storage/UE8YLGZB/Narayan et al. - 1992 - Gamma-ray bursts as the death throes of massive bi.pdf:application/pdf}
}
